@misc{codereview,
  title = {Analysis of Security Code Review Effectiveness},
  author = {Anne Edmundson and Brian Holtkamp and Emanuel Rivera and Adrian Mettler and David Wagner},
  howpublished = {\url{http://www.truststc.org/education/reu/12/Papers/Edm_Holt_Riv_Paper.pdf}},
  year = 2012,
}
@inproceedings{kratkiewicz2006taxonomy,
  title={A taxonomy of buffer overflows for evaluating static and dynamic software testing tools},
  author={Kratkiewicz, Kendra and Lippmann, Richard},
  booktitle={Proceedings of Workshop on Software Security Assurance Tools, Techniques, and Metrics},
  volume={500},
  pages={44},
  year={2006}
}
@misc{skape,
  title= {Modeling the exploitation and mitigation of memory safety vulnerabilities},
  author = {Matt Miller},
  howpublished = {\url{http://2012.ruxconbreakpoint.com/assets/Uploads/bpx/Modeling\%20the\%20exploitation\%20and\%20mitigation\%20of\%20memory\%20safety\%20vulnerabilities.pptx}},
  year=2012,
}
@incollection{molnar,
  title={The program counter security model: Automatic detection and removal of control-flow side channel attacks},
  author={Molnar, David and Piotrowski, Matt and Schultz, David and Wagner, David},
  booktitle={Information Security and Cryptology-ICISC 2005},
  pages={156--168},
  year={2006},
  publisher={Springer}
}
@article{barrett,
  author = {Barrett, L. F. and Barrett, D. J.},
  title = {An introduction to computerized experience sampling in psychology},
  journal = {Social Science Computer Review}, 
  volume = 19,
  number = 2,
  pages =  {175--185},
  year = 2001
}
@article{consolvo,
  author = {Consolvo, S. and Walker, M.},
   year = 2003,
  title = {Using the experience sampling method to evaluate ubicomp applications},
  journal = {Pervasive Computing},
  publisher = {IEEE}, 
  volume = 2,
  number = 2, 
  pages = {24--31},
}
@article{savery,
  author = {Savery, J. R. and Duffy, T. M.},
  year = 1996,
  title ={Problem based learning: An instructional model and its constructivist framework},
  journal = {Constructivist learning environments: Case studies in instructional design}, 
  pages = {135--148}
}

@misc{icfpcontest,
  key = {icfp},
  title = {{ICFP} Programming Contest},
  howpublished = {\url{http://icfpcontest.org/}}
}

@misc{acmprogramming,
  key = {acm},
  title = {{The ACM-ICPC International Collegiate Programming Contest}},
  howpublished = {\url{http://icpc.baylor.edu}}
}
@misc{topcoder,
  key = {topcoder},
  title = {Top Coder competitions},
  howpublished = {\url{http://apps.topcoder.com/wiki/display/tc/Algorithm+Overview}}
}

@misc{sandia,
  key = {sandia},
  title = {Sandia National Labs Center for Cyber Defenders},
  howpublished = {\url{http://www.sandia.gov/ccd/}}
}
@misc{mdc3,
  key = {mdc3},
  title = {Maryland Cyber Challenge \& Competition},
  howpublished = {\url{http://www.fbcinc.com/e/cybermdconference/competitorinfo.aspx}}
}

@misc{csslp,
  key = {csslp},
  title = {{(CSSLP) certification}},
  author = {{ISC(2)}},
  howpublished = {\url{http://www.isc2.org/csslp}}
}
@misc{bsimm,
  key = {bsimm},
  title = {Building Security In Maturity Model (BSIMM)},
  howpublished = {\url{http://bsimm.com}}
}
@misc{mc2,
  key = {mc2},
  title = {Maryland Cybersecurity Center (MC2)},
  howpublished = {\url{http://www.cyber.umd.edu/}}
}
@inproceedings{costcybercrime,
title = {Measuring the Cost of Cybercrime },
author = {Ross Anderson and Chris Barton and Rainer B\'ohme and Richard Clayton and Michael van Eeten and Michael Levi and Tyler Moore and Stefan Savage},
booktitle = {Proceedings of the 11th Annual Workshop on the Economics of Information Security},
year = 2012
}

@misc{fortify,
  key = {fortify},
  title = {Fortify Software Security Center},
  howpublished = {\url{http://www.hpenterprisesecurity.com/products/hp-fortify-software-security-center}}
}
@misc{coverity,
  key = {coverity},
  title = {Coverity Security Advisor},
  howpublished = {\url{http://www.coverity.com/products/security-advisor.html}}
}
@misc{lapse,
  key = {lapse},
  title = {OWASP LAPSE Project},
  howpublished = {\url{https://www.owasp.org/index.php/Category:OWASP_LAPSE_Project}}
}
@Article{SaltzerSc75,
  author =       {Jerome H. Saltzer and Michael D. Schroeder},
  title =        {The Protection of Information in Computer Systems},
  journal =      {Proceedings of the IEEE},
  volume =       {63},
  number =       {9},
  pages =        {1278--1308},
  year =         {1975},
}
@misc{gatesmemo,
  author = {Bill Gates},
  title = {Memo from Bill Gates},
  year = 2012,
  note = {Originally published Jan. 15, 2002 as an e-mail to Microsoft employees worldwide},
  howpublished = {\url{http://www.microsoft.com/en-us/news/features/2012/jan12/GatesMemo.aspx}}
}
@book{sdl,
  title = {The Security Development Lifecycle},
  author = {Michael Howard and Steve Lipner},
  publisher = {Microsoft Press},
  year = 2006
}
@book{securecode,
  title = {Writing Secure Code},
  author = {Michael Howard and David LeBlanc},
  publisher = {Microsoft Press},
  year = 2003,
}
@book{bss,
  title = {Building Secure Software: How to Avoid Security Problems the Right Way},
  author = {John Viega and Gary McGraw},
  publisher = {Addison-Wesley},
  series = {Professional Computing Series},
  year = 2001
}
@book{buildsecin,
  title = {Software Security: Building Security In},
  author = {Gary McGraw},
  year = 2006,
  publisher = {Addison-Wesley},
  series = {Software Security Series},
}
@misc{moss,
  key = {moss},
  title = {Plagiarism Detection},
  howpublished = {\url{http://theory.stanford.edu/~aiken/moss/}}
}
@misc{pysymemu,
  title = {PySymEmu},
  howpublished = {\url{https://github.com/feliam/pysymemu}},
}
@misc{cyberclub,
  key = {cyberclub},
  title = {Maryland Cybersecurity Club},
  howpublished = {\url{http://www.linkedin.com/company/university-of-maryland-cyber-security-club}},
}
@TechReport{sdxf,
  author =       {M. Wildgrube},
  title =        {Structured Data Exchange Format {(SDXF)}},
  institution =  {Network Working Group},
  year =         2001,
  number =       {RFC 3072},
  month =        may
}
@article{mcgraw12active,
  author = {Gary McGraw},
  title = {Proactive defense prudent alternative to cyberwarfare},
  journal = {Search Security},
  month = nov,
  year = 2012,
  note = {Accessed at \url{http://searchsecurity.techtarget.com/news/2240169976/Gary-McGraw-Proactive-defense-prudent-alternative-to-cyberwarfare}}
}
@misc{codejam,
  title = {Google Code Jam},
  key = {google},
  howpublished = {\url{http://code.google.com/codejam}}
}
@misc{marmoset,
  title = {The Marmoset Project},
  key = {marmoset},
  howpublished = {\url{http://marmoset.cs.umd.edu}},
  note = {Marmoset is a system for handling student programming project submission, testing and code review} 
}
@misc{kvm-lvm,
  author = {Vito Botta},
  title = {Setting up a KVM-LVM based virtual host},
  year = 2011,
  howpublished={\url{http://vitobotta.com/setting-up-kvm-lvm-virtual-machine-host/}}
}
@misc{git,
  key = {git},
  title = {Git -- distributed version control management system},
  howpublished={\url{http://git-scm.com}}
}
@inproceedings{finifter11exploring,
 author = {Finifter, Matthew and Wagner, David},
 title = {Exploring the relationship betweenweb application development tools and security},
 booktitle = {Proceedings of the 2nd USENIX conference on Web application development},
 year = {2011},
} 
@misc{whitehat,
  author = {WhiteHat Security},
  title = {WhiteHat Website Security Statistic Report: 9th Edition},
  month = may,
  year = 2010,
  howpublished = {\url{http://www.whitehatsec.com/home/resource/stats.html}}
}
@misc{defcon,
    author = {DEF CON Communications Inc},
    title = {DEF CON Hacking Conference},
    howpublished = {\url{http://www.defcon.org}}
}
%title = {National Collegiate Cyber Defense Competition},
@misc{nationalccdc,
    author = {{National Collegiate Cyber Defense Competition}},
    title = {\url{http://www.nationalccdc.org}}
}
@misc{cansec,
    author = {dragostech.com inc},
    title = {CanSecWest Applied Security Conference},
    howpublished = {\url{http://cansecwest.com}}
}
@misc{depaulse526,
    author = {Gregory Ose},
    title = {SE 526 Software Security Assessment},
    howpublished = {\url{http://www.cdm.depaul.edu/academics/Pages/classinfo.aspx?ofid=992&ClassNbr=35086&Term=20103}}
}
@misc{rpi4971,
    author = { RPI },
    title = { CSCI 4971 Secure Software Principles },
    howpublished = {\url{http://www.cs.rpi.edu/academics/courses/spring10/csci4971/}}
}
@misc{cs161,
	author = {Vern Paxson and David Wagner},
	title = {CS 161: Computer Security},
	howpublished = {\url{http://www-inst.eecs.berkeley.edu/~cs161/sp10/}}
}
@inproceedings{csmith,
  author =       {Xuejun Yang and Yang Chen and Eric Eide and John Regehr},
  title =        {Finding and understanding bugs in c compilers},
  booktitle = {Proceedings of ACM SIGPLAN 2011 Conference on Programming Language Design and Implementation},
  year =         {2011},
}
@inproceedings{valgrind,
  author =       {Nicholas Nethercote and Julian Seward},
  title =        {Valgrind: A Framework for Heavyweight Dynamic Binary Instrumentation},
  booktitle = {Proceedings of ACM SIGPLAN 2011 Conference on Programming Language Design and Implementation},
  year =         {2007},
}
@article{cfi,
 author = {Abadi, Mart\'{\i}n and Budiu, Mihai and Erlingsson, \'{U}lfar and Ligatti, Jay},
 title = {Control-flow integrity principles, implementations, and applications},
 journal = {ACM Trans. Inf. Syst. Secur.},
 issue_date = {October 2009},
 volume = {13},
 number = {1},
 month = nov,
 year = {2009},
 issn = {1094-9224},
 pages = {4:1--4:40},
 publisher = {ACM},
}
@misc{ulfar-personal,
    author = {\'{U}lfar Erlingsson},
    howpublished = {personal communication to PI Hicks that CFI was not deployed at Microsoft due to its overhead exceeding 10\%},
    year = 2012
}
@article{delta,
  author =       { Andreas Zeller and Ralf Hildebrandt},
  title =        {Simplifying and Isolating Failure-Inducing Input},
  journal =      { IEEE Transactions on Software Engineering},
  volume =       {28},
  number =       {2},
  pages =        {183-200},
  year =         {2002},
}
@article{obfuscator,
author={Collberg, C.S. and Thomborson, C.},
journal={Software Engineering, IEEE Transactions on}, 
title={Watermarking, tamper-proofing, and obfuscation - tools for software protection},
year={2002},
month={aug},
volume={28},
number={8},
pages={ 735 - 746}
}
@misc{18732,
	title = { 18-732 Software Security },
	author = { David Brumley },
	howpublished = {\url{http://users.ece.cmu.edu/~dbrumley/courses/18732-f09/}},
}
@misc{hackingexposed,
	title = {95-856 Hacking Exposed},
	author = { Rohyt Belani },
	howpublished = {\url{http://www.heinz.cmu.edu/academic-resources/course-results/course-details/index.aspx?cid=360}},
}
@misc{cs155,
	title = {CS155: Computer and Network Security},
	author = { Stanford },
	howpublished = {\url{http://crypto.stanford.edu/cs155/}},
}
@misc{cs6v81,
	title = { CS 6V81--005: System Security and Binary Code Analysis },
	author = {Zhiqiang Lin},
	howpublished = {\url{http://www.utdallas.edu/~zhiqiang.lin/spring2012.html}},
}
@misc{iap2009,
	title = {Introduction to Web Application Security},
	author = {Edward Z. Yang}, 
	howpublished = {\url{http://stuff.mit.edu/iap/2009/websecurity/intro-to-was.html}},
}
@misc{defconctf,
	author = {{DEF CON Communications, Inc.}},
	title = {Capture the Flag Archive},
	howpublished = {\url{https://www.defcon.org/html/links/dc-ctf.html}},
}
@misc{csawctf,
	author = {{Polytechnic Institute of New York University}},
	title = {CSAW - CyberSecurity Competition 2012},
	howpublished = {\url{http://www.poly.edu/csaw2012/csaw-CTF/}},
}
@inproceedings{reis2007architectural,
  title={Architectural principles for safe web programs},
  author={Reis, C. and Gribble, S.D. and Levy, H.M.},
  booktitle={Sixth Workshop on Hot Topics in Networks (HotNets)},
  volume={2007},
  year={2007}
}
@article{prechelt2011plat_forms,
  title={Plat\_Forms: A web development platform comparison by an exploratory experiment searching for emergent platform properties},
  author={Prechelt, L.},
  journal={Software Engineering, IEEE Transactions on},
  volume={37},
  number={1},
  pages={95--108},
  year={2011},
  publisher={IEEE}
}
@misc{psql,
  title = {{PostgreSQL}: The world's most advanced open source database},
  key = {psql},
  howpublished = {\url{http://www.postgresql.org/}},
  note = {Accessed: 2015-05-01}
}
@misc{yesodweb,
  title = {Yesod Web Framework for Haskell},
  key = {yesodweb},
  howpublished = {\url{http://www.yesodweb.com/}},
  note = {Accessed: 2015-05-01}
}
@mastersthesis{parker2014lmonad,
  title={{LMonad}: Information Flow Control for Haskell Web Applications},
  author={Parker, James Lee},
  school={University of Maryland, College Park},
  year={2014}
}
@article{lio,
 author = {Stefan, Deian and Russo, Alejandro and Mitchell, John C. and Mazi\`{e}res, David},
 title = {Flexible Dynamic Information Flow Control in Haskell},
 journal = {SIGPLAN Not.},
 issue_date = {December 2011},
 volume = {46},
 number = {12},
 month = sep,
 year = {2011},
 issn = {0362-1340},
 pages = {95--106},
 numpages = {12},
 url = {http://doi.acm.org/10.1145/2096148.2034688},
 doi = {10.1145/2096148.2034688},
 acmid = {2034688},
 publisher = {ACM},
 address = {New York, NY, USA},
 keywords = {information flow control, library, monad},
}
